<?xml version="1.0" encoding="UTF-8"?><record xmlns="http://www.loc.gov/MARC21/slim" xmlns:cinclude="http://apache.org/cocoon/include/1.0" xmlns:zs="http://www.loc.gov/zing/srw/">
  <leader>00662nz  a2200145n  4500</leader>
  <controlfield tag="001">n  91022670 </controlfield>
  <controlfield tag="003">DLC</controlfield>
  <controlfield tag="005">19910306114447.4</controlfield>
  <controlfield tag="008">910306n| acannaab|          |a ana |||  </controlfield>
  <datafield tag="010" ind1=" " ind2=" ">
    <subfield code="a">n  91022670 </subfield>
  </datafield>
  <datafield tag="040" ind1=" " ind2=" ">
    <subfield code="a">DLC</subfield>
    <subfield code="c">DLC</subfield>
  </datafield>
  <datafield tag="110" ind1="2" ind2="0">
    <subfield code="a">Seminar de funcții sumă (Institutul de Matematică (Academia Republicii Populare Romîne))</subfield>
  </datafield>
  <datafield tag="410" ind1="2" ind2="0">
    <subfield code="a">Seminarul de funcții sumă (Institutul de Matematică (Academia Republicii Populare Romîne))</subfield>
  </datafield>
  <datafield tag="410" ind1="2" ind2="0">
    <subfield code="a">Institutul de Matematică (Academia Republicii Populare Romîne).</subfield>
    <subfield code="b">Seminar de funcții sumă</subfield>
  </datafield>
  <datafield tag="670" ind1=" " ind2=" ">
    <subfield code="a">Seminar de funcții sumă, 1963:</subfield>
    <subfield code="b">prefață (studiul funcțiilor sumă ... la Seminarul nostru)</subfield>
  </datafield>
</record>